@article{CY2018,
  title={The matrix {B}ochner problem},
  author={Casper, W. Riley and Yakimov, Milen T.},
  journal={American Journal of Mathematics (to appear) arXiv preprint arXiv:1803.04405},
  year={2020}
}

@article{CGYZ,
  title={Reflective prolate-spheroidal operators and the {KP/KdV} equations},
  author={Casper, W. Riley and Gr{\"u}nbaum, F. Alberto and Yakimov, Milen T. and Zurri{\'a}n, Ignacio},
  journal={Proc. of the Nat. Acad. of Sci. (PNAS)},
  year={2019},
  publisher={National Acad Sciences}
}

@article{CGYZ2,
  title={Reflective prolate-spheroidal operators and the adelic grassmannian},
  author={Casper, W. Riley and Gr{\"u}nbaum, F. Alberto and Yakimov, Milen T. and Zurri{\'a}n, Ignacio},
  journal={submitted, arXiv preprint arXiv:2003.11616},
  year={2020}
}

@article{CHIY,
  title={A Burchnall-Chaundy-Krichever theory for fractional differential operators},
  author={Casper, W. Riley and Horozov, Emil and Iliev, Plamen and Yakimov, Milen T.},
  journal={in preparation},
  year={2020}
}

@article{casper2017,
  title={Elementary examples of solutions to {B}ochner's problem for matrix differential operators},
  author={Casper, W. Riley},
  journal={Journal of Approximation Theory},
  volume={229},
  pages={36--71},
  year={2018},
  publisher={Elsevier}
}

@article{casper2019,
  title={The Symmetric $2\times 2$ Hypergeometric Matrix Differential Operators},
  author={Casper, W Riley},
  journal={arXiv preprint arXiv:1907.12703},
  year={2019}
}

@article{casper2020,
  title="{Bivariate Continuous q-Hermite Polynomials and Deformed Quantum Serre Relations}",
  author={Casper, W. Riley and {Kolb}, Stefan and {Yakimov}, Milen T.},
  journal={Journal of Algebra and its Applications (to appear)},
  year={2020}
}

@ARTICLE{CY2019,
       author = {Casper, W. Riley and {Yakimov}, Milen T.},
        title = "{Integral operators, bispectrality and growth of Fourier algebras}",
      JOURNAL = {J. Reine Angew. Math. (Crelle's Journal)},
     FJOURNAL = {Journal f\"ur die Reine und Angewandte Mathematik. [Crelle's
                 Journal]},
     keywords = {Mathematics - Classical Analysis and ODEs, Mathematics - Rings and Algebras, Mathematics - Spectral Theory},
       volume = {doi: 10.1515/crelle-2019-0031},
         year = {2019},
archivePrefix = {arXiv},
       eprint = {1807.09314},
 primaryClass = {math.CA},
          DOI = {10.1515/crelle-2019-0031},
       adsurl = {https://ui.adsabs.harvard.edu/\#abs/2018arXiv180709314R},
      adsnote = {Provided by the SAO/NASA Astrophysics Data System}
}

@phdthesis{casperthesis,
  title={Bispectral Operator Algebras},
  author={Casper, W. Riley},
  year={2017}
}


@article {vdb,
    AUTHOR = {Van den Bergh, Michel},
     TITLE = {Three-dimensional flops and noncommutative rings},
   JOURNAL = {Duke Math. J.},
  FJOURNAL = {Duke Mathematical Journal},
    VOLUME = {122},
      YEAR = {2004},
    NUMBER = {3},
     PAGES = {423--455},
      ISSN = {0012-7094},
   MRCLASS = {14E30 (14A22 16S38 18E30)},
  MRNUMBER = {2057015},
MRREVIEWER = {Christopher J. Pappacena},
       DOI = {10.1215/S0012-7094-04-12231-6},
       URL = {https://doi.org/10.1215/S0012-7094-04-12231-6},
}

@article {krichever,
    AUTHOR = {Krichever, Igor Moiseevich},
     TITLE = {Methods of algebraic geometry in the theory of nonlinear
              equations},
   JOURNAL = {Uspehi Mat. Nauk},
  FJOURNAL = {Akademiya Nauk SSSR i Moskovskoe Matematicheskoe Obshchestvo.
              Uspekhi Matematicheskikh Nauk},
    VOLUME = {32},
      YEAR = {1977},
    NUMBER = {6(198)},
     PAGES = {183--208, 287},
      ISSN = {0042-1316},
   MRCLASS = {58F05 (14H99 35Q99)},
  MRNUMBER = {0516323},
MRREVIEWER = {Alexander A. Pankov},
}
		
@article {shiota,
    AUTHOR = {Shiota, Takahiro},
     TITLE = {Characterization of {J}acobian varieties in terms of soliton
              equations},
   JOURNAL = {Invent. Math.},
  FJOURNAL = {Inventiones Mathematicae},
    VOLUME = {83},
      YEAR = {1986},
    NUMBER = {2},
     PAGES = {333--382},
      ISSN = {0020-9910},
   MRCLASS = {14H40 (58F07)},
  MRNUMBER = {818357},
MRREVIEWER = {Bert van Geemen},
       DOI = {10.1007/BF01388967},
       URL = {https://doi.org/10.1007/BF01388967},
}

@article {burban,
    AUTHOR = {Burban, Igor and Drozd, Yuriy},
     TITLE = {Tilting on non-commutative rational projective curves},
   JOURNAL = {Math. Ann.},
  FJOURNAL = {Mathematische Annalen},
    VOLUME = {351},
      YEAR = {2011},
    NUMBER = {3},
     PAGES = {665--709},
      ISSN = {0025-5831},
   MRCLASS = {14F05 (14A22)},
  MRNUMBER = {2854109},
MRREVIEWER = {Behrang Noohi},
       DOI = {10.1007/s00208-010-0585-4},
       URL = {https://doi.org/10.1007/s00208-010-0585-4},
}

@article{shannon1,
  title={A mathematical theory of communication},
  author={Shannon, Claude Elwood},
  journal={Bell System Technical Journal},
  volume={27},
  number={3},
  pages={379--423},
  year={1948},
  publisher={Wiley Online Library}
}

@article{shannon2,
  title={A mathematical theory of communication},
  author={Shannon, Claude Elwood},
  journal={Bell System Technical Journal},
  volume={27},
  number={4},
  pages={623--666},
  year={1948},
  publisher={Wiley Online Library}
}

@article {TW1,
    AUTHOR = {Tracy, Craig A. and Widom, Harold},
     TITLE = {Fredholm determinants, differential equations and matrix
              models},
   JOURNAL = {Comm. Math. Phys.},
  FJOURNAL = {Communications in Mathematical Physics},
    VOLUME = {163},
      YEAR = {1994},
    NUMBER = {1},
     PAGES = {33--72},
      ISSN = {0010-3616},
   MRCLASS = {82B05 (33C90 47A75 47G10 47N55 82B10)},
  MRNUMBER = {1277933},
MRREVIEWER = {Peter J. Forrester},
       URL = {http://projecteuclid.org.libezp.lib.lsu.edu/euclid.cmp/1104270379},
}
        
@article {TW2,
    AUTHOR = {Tracy, Craig A. and Widom, Harold},
     TITLE = {Level-spacing distributions and the {A}iry kernel},
   JOURNAL = {Comm. Math. Phys.},
  FJOURNAL = {Communications in Mathematical Physics},
    VOLUME = {159},
      YEAR = {1994},
    NUMBER = {1},
     PAGES = {151--174},
      ISSN = {0010-3616},
   MRCLASS = {82B05 (33C90 47A75 47G10 47N55 82B10)},
  MRNUMBER = {1257246},
MRREVIEWER = {Estelle L. Basor},
       URL = {http://projecteuclid.org.libezp.lib.lsu.edu/euclid.cmp/1104254495},
}

@book{Mehta,
  title={Random matrices},
  author={Mehta, Madan Lal},
  volume={142},
  year={2004},
  publisher={Elsevier},
  edition={3},
}

@Article{JMMS80,
 Author = {Michio {Jimbo} and Tetsuji {Miwa} and Yasuko {M\^ori} and Mikio {Sato}},
 Title = {{Density matrix of an impenetrable Bose gas and the fifth Painlev\'e transcendent.}},
 FJournal = {{Physica D}},
 Journal = {{Physica D}},
 ISSN = {0167-2789},
 Volume = {1},
 Number = {1},
 Pages = {80--158},
 Year = {1980},
 Publisher = {Elsevier (North-Holland), Amsterdam},
 Language = {English},
 MSC2010 = {82B10 35Q55},
 Zbl = {1194.82007}
}

@article{DG86,
author = {Duistermaat, J J and Gr{\"{u}}nbaum, F A},
issn = {0010-3616},
journal = {Comm. Math. Phys.},
number = {2},
pages = {177--240},
title = {{Differential equations in the spectral parameter}},
   URL = {http://projecteuclid.org/euclid.cmp/1104114705},
volume = {103},
year = {1986}
}

@article {Casselman,
    AUTHOR = {Casselman, William and Mili\v{c}i\'{c}, Dragan},
     TITLE = {Asymptotic behavior of matrix coefficients of admissible
              representations},
   JOURNAL = {Duke Math. J.},
  FJOURNAL = {Duke Mathematical Journal},
    VOLUME = {49},
      YEAR = {1982},
    NUMBER = {4},
     PAGES = {869--930},
      ISSN = {0012-7094},
   MRCLASS = {22E46 (22E45)},
  MRNUMBER = {683007},
MRREVIEWER = {Juan Tirao},
       DOI = {10.1215/S0012-7094-82-04943-2},
       URL = {https://doi.org/10.1215/S0012-7094-82-04943-2},
}

@article {GP,
    AUTHOR = {Gr\"{u}nbaum, F. A. and Pacharoni, I. and Tirao, J.},
     TITLE = {Matrix valued spherical functions associated to the complex
              projective plane},
   JOURNAL = {J. Funct. Anal.},
  FJOURNAL = {Journal of Functional Analysis},
    VOLUME = {188},
      YEAR = {2002},
    NUMBER = {2},
     PAGES = {350--441},
      ISSN = {0022-1236},
   MRCLASS = {43A90 (22E46 33C20)},
  MRNUMBER = {1883412},
MRREVIEWER = {Angela A. Pasquale},
       DOI = {10.1006/jfan.2001.3840},
       URL = {https://doi.org/10.1006/jfan.2001.3840},
}

@incollection {GP2,
    AUTHOR = {Gr\"unbaum, F. Alberto and Pacharoni, In\'es and Tirao, Juan},
     TITLE = {An invitation to matrix-valued spherical functions:
              linearization of products in the case of complex projective
              space {$P_2({\Bbb C})$}},
 BOOKTITLE = {Modern signal processing},
    SERIES = {Math. Sci. Res. Inst. Publ.},
    VOLUME = {46},
     PAGES = {147--160},
 PUBLISHER = {Cambridge Univ. Press, Cambridge},
      YEAR = {2004},
   MRCLASS = {43A90 (33C45)},
  MRNUMBER = {2075953},
MRREVIEWER = {Walter Van Assche},
}

@article {KPR,
    AUTHOR = {Koelink, Erik and van Pruijssen, Maarten and Rom\'{a}n, Pablo},
     TITLE = {Matrix-valued orthogonal polynomials related to {$({\rm
              SU}(2)\times{\rm SU}(2),{\rm diag})$}},
   JOURNAL = {Int. Math. Res. Not. IMRN},
  FJOURNAL = {International Mathematics Research Notices. IMRN},
      YEAR = {2012},
    NUMBER = {24},
     PAGES = {5673--5730},
      ISSN = {1073-7928},
   MRCLASS = {33C45 (22E47 42C05)},
  MRNUMBER = {3006173},
MRREVIEWER = {Nicolae Cotfas},
       DOI = {10.1093/imrn/rnr236},
       URL = {https://doi.org/10.1093/imrn/rnr236},
}
	

@article {KRR,
    AUTHOR = {Koelink, Erik and de los R\'{\i}os, Ana M. and Rom\'{a}n, Pablo},
     TITLE = {Matrix-valued {G}egenbauer-type polynomials},
   JOURNAL = {Constr. Approx.},
  FJOURNAL = {Constructive Approximation. An International Journal for
              Approximations and Expansions},
    VOLUME = {46},
      YEAR = {2017},
    NUMBER = {3},
     PAGES = {459--487},
      ISSN = {0176-4276},
   MRCLASS = {33C47 (33C45 33E30)},
  MRNUMBER = {3735699},
MRREVIEWER = {Manuel D. de la Iglesia},
       DOI = {10.1007/s00365-017-9384-4},
       URL = {https://doi.org/10.1007/s00365-017-9384-4},
}

@article {Krein,
    AUTHOR = {Kre\u\i{n}, M.},
     TITLE = {Infinite {$J$}-matrices and a matrix-moment problem},
   JOURNAL = {Doklady Akad. Nauk SSSR (N.S.)},
    VOLUME = {69},
      YEAR = {1949},
     PAGES = {125--128},
   MRCLASS = {46.3X},
  MRNUMBER = {0034964},
MRREVIEWER = {O. M. Nikod\'ym},
}

@incollection {mulase,
    AUTHOR = {Mulase, Motohico},
     TITLE = {Algebraic theory of the {KP} equations},
 BOOKTITLE = {Perspectives in mathematical physics},
    SERIES = {Conf. Proc. Lecture Notes Math. Phys., III},
     PAGES = {151--217},
 PUBLISHER = {Int. Press, Cambridge, MA},
      YEAR = {1994},
   MRCLASS = {58F07 (14H40 35Q53)},
  MRNUMBER = {1314667},
MRREVIEWER = {Emma Previato},
}

@book {reiner,
    AUTHOR = {Reiner, I.},
     TITLE = {Maximal orders},
      NOTE = {London Mathematical Society Monographs, No. 5},
 PUBLISHER = {Academic Press [A subsidiary of Harcourt Brace Jovanovich,
              Publishers], London-New York},
      YEAR = {1975},
     PAGES = {xii+395},
   MRCLASS = {16A18 (12A80)},
  MRNUMBER = {0393100},
MRREVIEWER = {H. Jacobinski},
}

@article {CI,
    AUTHOR = {Chan, Daniel and Ingalls, Colin},
     TITLE = {Non-commutative coordinate rings and stacks},
   JOURNAL = {Proc. London Math. Soc. (3)},
  FJOURNAL = {Proceedings of the London Mathematical Society. Third Series},
    VOLUME = {88},
      YEAR = {2004},
    NUMBER = {1},
     PAGES = {63--88},
      ISSN = {0024-6115},
   MRCLASS = {14A22 (14A20 16S38)},
  MRNUMBER = {2018958},
MRREVIEWER = {Peter J\o rgensen},
       DOI = {10.1112/S0024611503014278},
       URL = {https://doi.org/10.1112/S0024611503014278},
}

@incollection {SW,
    AUTHOR = {Segal, Graeme and Wilson, George},
     TITLE = {Loop groups and equations of {K}d{V} type [ {MR}0783348
              (87b:58039)]},
 BOOKTITLE = {Surveys in differential geometry: integral systems [integrable
              systems]},
    SERIES = {Surv. Differ. Geom.},
    VOLUME = {4},
     PAGES = {403--466},
 PUBLISHER = {Int. Press, Boston, MA},
      YEAR = {1998},
   MRCLASS = {37K10 (22E67 35Q53)},
  MRNUMBER = {1726932},
       DOI = {10.4310/SDG.1998.v4.n1.a8},
       URL = {https://doi.org/10.4310/SDG.1998.v4.n1.a8},
}

@article {Kontsevich,
    AUTHOR = {Kontsevich, Maxim},
     TITLE = {Intersection theory on the moduli space of curves and the
              matrix {A}iry function},
   JOURNAL = {Comm. Math. Phys.},
  FJOURNAL = {Communications in Mathematical Physics},
    VOLUME = {147},
      YEAR = {1992},
    NUMBER = {1},
     PAGES = {1--23},
      ISSN = {0010-3616},
   MRCLASS = {32G15 (14H15 58F07 81T40)},
  MRNUMBER = {1171758},
MRREVIEWER = {Claude Itzykson},
       URL = {http://projecteuclid.org/euclid.cmp/1104250524},
}

@article {Gelfand,
    AUTHOR = {Gelfand, Israel and Gelfand, Sergei and Retakh, Vladimir and
              Wilson, Robert Lee},
     TITLE = {Quasideterminants},
   JOURNAL = {Adv. Math.},
  FJOURNAL = {Advances in Mathematics},
    VOLUME = {193},
      YEAR = {2005},
    NUMBER = {1},
     PAGES = {56--141},
      ISSN = {0001-8708},
   MRCLASS = {05E05 (15A15 16W30)},
  MRNUMBER = {2132761},
MRREVIEWER = {K. Chandrasekhara Rao},
       DOI = {10.1016/j.aim.2004.03.018},
       URL = {https://doi.org/10.1016/j.aim.2004.03.018},
}
	
@article {Schiffmann,
    AUTHOR = {Schiffmann, Olivier},
     TITLE = {Noncommutative projective curves and quantum loop algebras},
   JOURNAL = {Duke Math. J.},
  FJOURNAL = {Duke Mathematical Journal},
    VOLUME = {121},
      YEAR = {2004},
    NUMBER = {1},
     PAGES = {113--168},
      ISSN = {0012-7094},
   MRCLASS = {17B37 (14A22)},
  MRNUMBER = {2031167},
MRREVIEWER = {Dirk Kussin},
       DOI = {10.1215/S0012-7094-04-12114-1},
       URL = {https://doi.org/10.1215/S0012-7094-04-12114-1},
}

@article{wilson2015notes,
  title={Notes on the vector adelic Grassmannian},
  author={Wilson, George},
  journal={arXiv preprint arXiv:1507.00693},
  year={2015}
}

@article {Wilson,
    AUTHOR = {Wilson, George},
     TITLE = {Bispectral commutative ordinary differential operators},
   JOURNAL = {J. Reine Angew. Math.},
  FJOURNAL = {Journal f\"{u}r die Reine und Angewandte Mathematik. [Crelle's
              Journal]},
    VOLUME = {442},
      YEAR = {1993},
     PAGES = {177--204},
      ISSN = {0075-4102},
   MRCLASS = {58F19 (34L25 35Q53 58F07)},
  MRNUMBER = {1234841},
MRREVIEWER = {Jorge P. Zubelli},
       DOI = {10.1515/crll.1993.442.177},
       URL = {https://doi-org.libezp.lib.lsu.edu/10.1515/crll.1993.442.177},
}

@article {Bakalov,
    AUTHOR = {Bakalov, B. and Horozov, E. and Yakimov, M.},
     TITLE = {Bispectral algebras of commuting ordinary differential
              operators},
   JOURNAL = {Comm. Math. Phys.},
  FJOURNAL = {Communications in Mathematical Physics},
    VOLUME = {190},
      YEAR = {1997},
    NUMBER = {2},
     PAGES = {331--373},
      ISSN = {0010-3616},
   MRCLASS = {34L05 (58F07)},
  MRNUMBER = {1489575},
MRREVIEWER = {Alexander V. Shapovalov},
       DOI = {10.1007/s002200050244},
       URL = {https://doi-org.libezp.lib.lsu.edu/10.1007/s002200050244},
}

@article{Fuchs64,
 Author = {W. H. J. {Fuchs}},
 Title = {{On the eigenvalues of an integral equation arising in the theory of band-limited signals.}},
 FJournal = {{Journal of Mathematical Analysis and Applications}},
 Journal = {{J. Math. Anal. Appl.}},
 ISSN = {0022-247X},
 Volume = {9},
 Pages = {317--330},
 Year = {1964},
 Publisher = {Elsevier, San Diego, CA},
 Language = {English},
 Zbl = {0178.47403}
}

@Article{Slepian65,
 Author = {D. {Slepian}},
 Title = {{Some asymptotic expansions for prolate spheroidal wave functions.}},
 FJournal = {{Journal of Mathematics and Physics}},
 Journal = {{J. Math. Phys., Mass. Inst. Techn.}},
 ISSN = {0097-1421},
 Volume = {44},
 Pages = {99--140},
 Year = {1965},
 Publisher = {Massachusetts Institute of Technology, Cambridge, MA},
 Language = {English},
 Zbl = {0128.29601}
}

@Article{JMMS,
 Author = {Michio {Jimbo} and Tetsuji {Miwa} and Yasuko {M\^ori} and Mikio {Sato}},
 Title = {{Density matrix of an impenetrable Bose gas and the fifth Painlev\'e transcendent.}},
 FJournal = {{Physica D}},
 Journal = {{Physica D}},
 ISSN = {0167-2789},
 Volume = {1},
 Number = {1},
 Pages = {80--158},
 Year = {1980},
 Publisher = {Elsevier (North-Holland), Amsterdam},
 Language = {English},
 MSC2010 = {82B10 35Q55},
 Zbl = {1194.82007}
}

@incollection {GL,
    AUTHOR = {Geigle, Werner and Lenzing, Helmut},
     TITLE = {A class of weighted projective curves arising in
              representation theory of finite-dimensional algebras},
 BOOKTITLE = {Singularities, representation of algebras, and vector bundles
              ({L}ambrecht, 1985)},
    SERIES = {Lecture Notes in Math.},
    VOLUME = {1273},
     PAGES = {265--297},
 PUBLISHER = {Springer, Berlin},
      YEAR = {1987},
   MRCLASS = {14H45 (14F05 16A64)},
  MRNUMBER = {915180},
MRREVIEWER = {Alfred G. Wiedemann},
       DOI = {10.1007/BFb0078849},
       URL = {https://doi.org/10.1007/BFb0078849},
}



@article {Wilson98,
    AUTHOR = {Wilson, George},
     TITLE = {Collisions of {C}alogero-{M}oser particles and an adelic
              {G}rassmannian},
      NOTE = {With an appendix by I. G. Macdonald},
   JOURNAL = {Invent. Math.},
  FJOURNAL = {Inventiones Mathematicae},
    VOLUME = {133},
      YEAR = {1998},
    NUMBER = {1},
     PAGES = {1--41},
      ISSN = {0020-9910},
   MRCLASS = {58F07 (05E05 14C05 22E67 58B25)},
  MRNUMBER = {1626461},
MRREVIEWER = {Emma Previato},
       DOI = {10.1007/s002220050237},
       URL = {https://doi.org/10.1007/s002220050237},
}

@article {duran2004,
    AUTHOR = {Dur\'an, Antonio J. and Gr\"unbaum, F. Alberto},
     TITLE = {Orthogonal matrix polynomials satisfying second-order
              differential equations},
   JOURNAL = {Int. Math. Res. Not.},
  FJOURNAL = {International Mathematics Research Notices},
      YEAR = {2004},
    NUMBER = {10},
     PAGES = {461--484},
      ISSN = {1073-7928},
   MRCLASS = {33C47 (15A24 15A99 34A30)},
  MRNUMBER = {2039133},
MRREVIEWER = {Walter Van Assche},
       URL = {https://doi.org/10.1155/S1073792804132583},
}


@article {duran2005c,
    AUTHOR = {Dur\'an, Antonio J. and Gr\"unbaum, F. Alberto},
     TITLE = {A survey on orthogonal matrix polynomials satisfying second
              order differential equations},
   JOURNAL = {J. Comput. Appl. Math.},
  FJOURNAL = {Journal of Computational and Applied Mathematics},
    VOLUME = {178},
      YEAR = {2005},
    NUMBER = {1-2},
     PAGES = {169--190},
      ISSN = {0377-0427},
   MRCLASS = {42C05 (15A99 34B30)},
  MRNUMBER = {2127878},
       URL = {https://doi.org/10.1016/j.cam.2004.05.023},
}

@article {grunbaum2005,
    AUTHOR = {Gr\"unbaum, F. Alberto and Pacharoni, In\'es and Tirao, Juan},
     TITLE = {Matrix valued orthogonal polynomials of {J}acobi type: the
              role of group representation theory},
   JOURNAL = {Ann. Inst. Fourier (Grenoble)},
  FJOURNAL = {Universit\'e de Grenoble. Annales de l'Institut Fourier},
    VOLUME = {55},
      YEAR = {2005},
    NUMBER = {6},
     PAGES = {2051--2068},
      ISSN = {0373-0956},
   MRCLASS = {33C50 (22E45 33C45)},
  MRNUMBER = {2187945},
MRREVIEWER = {Nils Byrial Andersen},
       URL = {http://aif.cedram.org/item?id=AIF_2005__55_6_2051_0},
}


@article {castro2006,
    AUTHOR = {Castro, Mirta M. and Gr\"unbaum, F. Alberto},
     TITLE = {The algebra of differential operators associated to a family
              of matrix-valued orthogonal polynomials: five instructive
              examples},
   JOURNAL = {Int. Math. Res. Not.},
  FJOURNAL = {International Mathematics Research Notices},
      YEAR = {2006},
     PAGES = {Art. ID 47602, 33},
      ISSN = {1073-7928},
   MRCLASS = {33C47 (34L05 37K10)},
  MRNUMBER = {2219221},
MRREVIEWER = {Genkai Zhang},
       URL = {https://doi.org/10.1155/IMRN/2006/47602},
}

@article {grunbaum2007b,
    AUTHOR = {Gr\"unbaum, F. Alberto and Tirao, Juan},
     TITLE = {The algebra of differential operators associated to a weight
              matrix},
   JOURNAL = {Integral Equations Operator Theory},
  FJOURNAL = {Integral Equations and Operator Theory},
    VOLUME = {58},
      YEAR = {2007},
    NUMBER = {4},
     PAGES = {449--475},
      ISSN = {0378-620X},
   MRCLASS = {42C05 (16S32 33C45 37K20 47E05 47L80)},
  MRNUMBER = {2329130},
MRREVIEWER = {Walter Schempp},
       URL = {https://doi.org/10.1007/s00020-007-1517-x},
}



@article{zurrian2016algebra,
  title={The Algebra of Differential Operators for a Matrix Weight: An Ultraspherical Example},
  author={Zurri{\'a}n, Ignacio},
  journal={International Mathematics Research Notices},
  volume={2017},
  number={8},
  pages={2402--2430},
  year={2016},
  publisher={Oxford University Press}
}

@article {zurrian2016,
    AUTHOR = {Pacharoni, In\'es and Zurri\'an, Ignacio},
     TITLE = {Matrix {G}egenbauer polynomials: the {$2\times2$} fundamental
              cases},
   JOURNAL = {Constr. Approx.},
  FJOURNAL = {Constructive Approximation. An International Journal for
              Approximations and Expansions},
    VOLUME = {43},
      YEAR = {2016},
    NUMBER = {2},
     PAGES = {253--271},
      ISSN = {0176-4276},
   MRCLASS = {33C45 (33C47)},
  MRNUMBER = {3472648},
MRREVIEWER = {Roberto S. Costas-Santos},
       URL = {https://doi.org/10.1007/s00365-015-9301-7},
}


@incollection {tirao2011,
    AUTHOR = {Tirao, Juan},
     TITLE = {The algebra of differential operators associated to a weight
              matrix: a first example},
 BOOKTITLE = {Groups, algebras and applications},
    SERIES = {Contemp. Math.},
    VOLUME = {537},
     PAGES = {291--324},
 PUBLISHER = {Amer. Math. Soc., Providence, RI},
      YEAR = {2011},
   MRCLASS = {47E05 (33C45 34L05 37K10 42C05 47L80)},
  MRNUMBER = {2799107},
MRREVIEWER = {Hans W. Volkmer},
       URL = {https://doi.org/10.1090/conm/537/10582},
}


@article {Cafasso,
    AUTHOR = {Cafasso, Mattia and Wu, Chao-Zhong},
     TITLE = {Tau functions and the limit of block {T}oeplitz determinants},
   JOURNAL = {Int. Math. Res. Not. IMRN},
  FJOURNAL = {International Mathematics Research Notices. IMRN},
      YEAR = {2015},
    NUMBER = {20},
     PAGES = {10339--10366},
      ISSN = {1073-7928},
   MRCLASS = {37K20 (14M15 17B80 32G34 35Q15 35Q53)},
  MRNUMBER = {3455869},
MRREVIEWER = {Sa\v{s}a Kre\v{s}i\'{c}-Juri\'{c}},
       DOI = {10.1093/imrn/rnu262},
       URL = {https://doi-org.libezp.lib.lsu.edu/10.1093/imrn/rnu262},
}

@article{simons,
  title={Spatiospectral concentration on a sphere},
  author={Simons, Frederik J and Dahlen, FA and Wieczorek, Mark A},
  journal={SIAM review},
  volume={48},
  number={3},
  pages={504--536},
  year={2006},
  publisher={SIAM}
}


@incollection {BW,
    AUTHOR = {Berest, Yuri and Wilson, George},
     TITLE = {Differential isomorphism and equivalence of algebraic
              varieties},
 BOOKTITLE = {Topology, geometry and quantum field theory},
    SERIES = {London Math. Soc. Lecture Note Ser.},
    VOLUME = {308},
     PAGES = {98--126},
 PUBLISHER = {Cambridge Univ. Press, Cambridge},
      YEAR = {2004},
   MRCLASS = {16S32 (13N10 14F05)},
  MRNUMBER = {2079372},
MRREVIEWER = {Fran\c{c}ois Dumas},
       DOI = {10.1017/CBO9780511526398.007},
       URL = {https://doi.org/10.1017/CBO9780511526398.007},
}
		
@article{GPZ,
    AUTHOR = {Gr\"{u}nbaum, F. A. and Pacharoni, I. and Zurri\'{a}n, I.},
     TITLE = {Bispectrality and time-band-limiting: Matrix valued polynomials},
   JOURNAL = {International Mathematics Research Notices},
    VOLUME = {10.1093/imrn/rny140},
      YEAR = {2018},
     MONTH = {6},
       DOI = {10.1093/imrn/rny140},
       URL = {https://doi.org/10.1093/imrn/rny140},
    EPRINT = {http://oup.prod.sis.lan/imrn/advance-article-pdf/doi/10.1093/imrn/
rny140/25069238/rny140.pdf},
}

@article {Grunbaum-CMP2018,
    AUTHOR = {Gr\"{u}nbaum, F. Alberto and Vinet, Luc and Zhedanov, Alexei},
     TITLE = {Algebraic {H}eun operator and band-time limiting},
   JOURNAL = {Comm. Math. Phys.},
  FJOURNAL = {Communications in Mathematical Physics},
    VOLUME = {364},
      YEAR = {2018},
    NUMBER = {3},
     PAGES = {1041--1068},
      ISSN = {0010-3616},
   MRCLASS = {33C47 (47L90)},
  MRNUMBER = {3875822},
       DOI = {10.1007/s00220-018-3190-0},
       URL = {https://doi.org/10.1007/s00220-018-3190-0},
}

@article {GG,
    AUTHOR = {Gelfand, I. M. and Graev, M. I.},
     TITLE = {Finite-dimensional irreducible representations of the unitary
              and complete linear group and special functions associated
              with them},
   JOURNAL = {Izv. Akad. Nauk SSSR Ser. Mat.},
  FJOURNAL = {Izvestiya Akademii Nauk SSSR. Seriya Matematicheskaya},
    VOLUME = {29},
      YEAR = {1965},
     PAGES = {1329--1356},
      ISSN = {0373-2436},
   MRCLASS = {22.60},
  MRNUMBER = {0201568},
MRREVIEWER = {A. J. Coleman},
}
		
@book {V,
    AUTHOR = {Vilenkin, N. Ja.},
     TITLE = {Special functions and the theory of group representations},
    SERIES = {Translated from the Russian by V. N. Singh. Translations of
              Mathematical Monographs, Vol. 22},
 PUBLISHER = {American Mathematical Society, Providence, R. I.},
      YEAR = {1968},
     PAGES = {x+613},
   MRCLASS = {33.00 (22.00)},
  MRNUMBER = {0229863},
}

@article {burban2,
    AUTHOR = {Burban, Igor and Kreussler, Bernd},
     TITLE = {Fourier-{M}ukai transforms and semi-stable sheaves on nodal
              {W}eierstra\ss  cubics},
   JOURNAL = {J. Reine Angew. Math.},
  FJOURNAL = {Journal f\"{u}r die Reine und Angewandte Mathematik. [Crelle's
              Journal]},
    VOLUME = {584},
      YEAR = {2005},
     PAGES = {45--82},
      ISSN = {0075-4102},
   MRCLASS = {14F05 (14H45 18E30)},
  MRNUMBER = {2155085},
MRREVIEWER = {Jean-Marc Drezet},
       DOI = {10.1515/crll.2005.2005.584.45},
       URL = {https://doi.org/10.1515/crll.2005.2005.584.45},
}

@article {buchweitz,
    AUTHOR = {Buchweitz, Ragnar-Olaf and Leuschke, Graham J. and Van den
              Bergh, Michel},
     TITLE = {Non-commutative desingularization of determinantal varieties
              {I}},
   JOURNAL = {Invent. Math.},
  FJOURNAL = {Inventiones Mathematicae},
    VOLUME = {182},
      YEAR = {2010},
    NUMBER = {1},
     PAGES = {47--115},
      ISSN = {0020-9910},
   MRCLASS = {13C14 (14A22 14E15 14M12 16E10 16S38)},
  MRNUMBER = {2672281},
MRREVIEWER = {Eivind Eriksen},
       DOI = {10.1007/s00222-010-0258-7},
       URL = {https://doi.org/10.1007/s00222-010-0258-7},
}



@article {anderson,
    AUTHOR = {Anderson, Greg W.},
     TITLE = {Torsion points on {J}acobians of quotients of {F}ermat curves
              and {$p$}-adic soliton theory},
   JOURNAL = {Invent. Math.},
  FJOURNAL = {Inventiones Mathematicae},
    VOLUME = {118},
      YEAR = {1994},
    NUMBER = {3},
     PAGES = {475--492},
      ISSN = {0020-9910},
   MRCLASS = {11G30 (11S99 14H40 58F07)},
  MRNUMBER = {1296355},
MRREVIEWER = {David Goss},
       DOI = {10.1007/BF01231542},
       URL = {https://doi.org/10.1007/BF01231542},
}



@article {anderson2,
    AUTHOR = {Anderson, Greg W.},
     TITLE = {Rank one elliptic {$A$}-modules and {$A$}-harmonic series},
   JOURNAL = {Duke Math. J.},
  FJOURNAL = {Duke Mathematical Journal},
    VOLUME = {73},
      YEAR = {1994},
    NUMBER = {3},
     PAGES = {491--542},
      ISSN = {0012-7094},
   MRCLASS = {11G09 (11G40 11G45 14G25 35Q53 58F07)},
  MRNUMBER = {1262925},
MRREVIEWER = {David Goss},
       DOI = {10.1215/S0012-7094-94-07321-3},
       URL = {https://doi.org/10.1215/S0012-7094-94-07321-3},
}
		

@article {drinfeld,
    AUTHOR = {Drinfel'd, V. G.},
     TITLE = {Elliptic modules},
   JOURNAL = {Mat. Sb. (N.S.)},
    VOLUME = {94(136)},
      YEAR = {1974},
     PAGES = {594--627, 656},
   MRCLASS = {10D99 (14K15)},
  MRNUMBER = {0384707},
MRREVIEWER = {Pierre Deligne},
}

MathSciNet

@article {Tirao,
    AUTHOR = {Tirao, Juan A.},
     TITLE = {Spherical functions},
   JOURNAL = {Rev. Un. Mat. Argentina},
  FJOURNAL = {Revista de la Uni\'{o}n Matem\'{a}tica Argentina},
    VOLUME = {28},
      YEAR = {1976/77},
    NUMBER = {2},
     PAGES = {75--98},
      ISSN = {0041-6932},
   MRCLASS = {43A90 (22E30)},
  MRNUMBER = {473723},
MRREVIEWER = {A. Derighetti},
}



@book {gangolli,
    AUTHOR = {Gangolli, Ramesh and Varadarajan, V. S.},
     TITLE = {Harmonic analysis of spherical functions on real reductive
              groups},
    SERIES = {Ergebnisse der Mathematik und ihrer Grenzgebiete [Results in
              Mathematics and Related Areas]},
    VOLUME = {101},
 PUBLISHER = {Springer-Verlag, Berlin},
      YEAR = {1988},
     PAGES = {xiv+365},
      ISBN = {3-540-18302-7},
   MRCLASS = {22E30 (22E46 43A90)},
  MRNUMBER = {954385},
MRREVIEWER = {Roberto J. Miatello},
       DOI = {10.1007/978-3-642-72956-0},
       URL = {https://doi.org/10.1007/978-3-642-72956-0},
}



@article{boyd,
  title={Computing zeros on a real interval through Chebyshev expansion and polynomial rootfinding},
  author={Boyd, John P},
  journal={SIAM Journal on Numerical Analysis},
  volume={40},
  number={5},
  pages={1666--1682},
  year={2002},
  publisher={SIAM}
}


@article{zygmunt,
  title={Matrix Chebyshev polynomials and continued fractions},
  author={Zygmunt, Marcin J},
  journal={Linear algebra and its applications},
  volume={340},
  number={1-3},
  pages={155--168},
  year={2002},
  publisher={North-Holland}
}


@article{gritzmann,
  title={Discrete tomography: From battleship to nanotechnology},
  author={Gritzmann, Peter},
  journal={Mathematics Everywhere},
  pages={81--98},
  year={2010},
  publisher={American Mathematical Soc.}
}


@article {burchnall,
    AUTHOR = {Burchnall, J. L. and Chaundy, T. W.},
     TITLE = {Commutative {O}rdinary {D}ifferential {O}perators},
   JOURNAL = {Proc. London Math. Soc. (2)},
  FJOURNAL = {Proceedings of the London Mathematical Society. Second Series},
    VOLUME = {21},
      YEAR = {1923},
     PAGES = {420--440},
      ISSN = {0024-6115},
   MRCLASS = {DML},
  MRNUMBER = {1575373},
       DOI = {10.1112/plms/s2-21.1.420},
       URL = {https://doi.org/10.1112/plms/s2-21.1.420},
}

@article{schur,
  title={ber vertauschbare lineare Differentialausdrcke},
  author={Schur, J},
  journal={Sitzungsber. Berl. Math. Ges},
  volume={4},
  pages={28},
  year={1905}
}

@article{ismail,
  title={Matrix-valued Hermite polynomials, Burchnall formulas and the non-abelian Toda lattice},
  author={Ismail, M. and Koelink, E. and Rom\'{a}n, P},
  journal={Advances in Applied Mathematics},
  volume={110},
  pages={235--269},
  year={2019},
  publisher={Elsevier}
}

@article{calderon,
  title={$2\times 2$ hypergeometric operators with diagonal eigenvalues},
  journal={Journal of Approximation Theory},
  volume={248},
  author={Calder{\'o}n, C. and Gonz{\'a}lez, Y. and Pacharoni, I. and Simondi, S. and Zurri{\'a}n, I.},
  year={2019}
}

@article{deano,
  title={Ladder relations for a class of matrix-valued orthogonal polynomials},
  journal={arXiv preprint arXiv:1907.07447},
  author={Dea{\~n}o, Alfredo and Eijsvoogel, Bruno and Rom{\'a}n, Pablo},
  year={2020}
}

@article{grunbaum2015,
  title={Time and band limiting for matrix-valued functions, an example},
  author={Gr{\"u}nbaum, F. Alberto et al.},
  journal={SIGMA: Symmetry, Integrability and Geometry: Methods and Applications},
  volume={11},
  pages={44},
  year={2015}
}

@article{grunbaum2017,
  title={Time and band limiting for matrix-valued functions: an integral and a commuting differential operator},
  author={Gr{\"u}nbaum, F. Alberto and Pacharoni, In{\'e}s and Zurri{\'a}n, Ignacio},
  journal={Inverse Problems},
  volume={33},
  number={2},
  year={2017}
}

@article{krichever1995,
  title={General rational reductions of the KP hierarchy and their symmetries},
  author={Krichever, I.M.},
  journal={Functional Analysis and its Applications},
  volume={29},
  number={2},
  pages={75--80},
  year={1995},
  publisher={Springer}
}
	
@article{wilson1992,
  title={On the antiplectic pair connected to the Adler-Gel'fand-Dikii bracket},
  author={Wison, George},
  journal={Nonlinearity},
  volume={5},
  number={1},
  pages={109},
  year={1992}
}

@misc{sakurai,
  title={Modern quantum mechanics, revised edition},
  author={Sakurai, Jun John and Commins, Eugene D},
  year={1995},
  publisher={American Association of Physics Teachers}
}
